@article{Watson2019_pref_samp,
	author = {Joe Watson and James V. Zidek and Gavin Shaddick},
	title = {{A general theory for preferential sampling in environmental networks}},
	volume = {13},
	journal = {The Annals of Applied Statistics},
	number = {4},
	publisher = {Institute of Mathematical Statistics},
	pages = {2662 -- 2700},
	keywords = {Air pollution, big data, health effects, INLA, mobile monitors, preferential sampling, Random fields},
	year = {2019},
	doi = {10.1214/19-AOAS1288},
	URL = {https://doi.org/10.1214/19-AOAS1288}
}

@article{rue2009approximate,
	title={Approximate Bayesian inference for latent Gaussian models by using integrated nested Laplace approximations},
	author={Rue, H{\aa}vard and Martino, Sara and Chopin, Nicolas},
	journal={Journal of the Royal Statistical Society Series B: Statistical Methodology},
	volume={71},
	number={2},
	pages={319--392},
	year={2009},
	publisher={Oxford University Press}
}