%%%%%%%%%%%%%%%%%%%%%%%%%%%%
%%EPA DOCUMENTS
%%%%%%%%%%%%%%%%%%%%%%%%%%%%

%Crit Pollutant NAAQS Table
@online{EPA:NAAQS_table,
    author = {EPA},
    year = {2020},
    institution = {Environmental Protection Agency},
    url = {https://www.epa.gov/criteria-air-pollutants/naaqs-table}
}

%PM10 historic NAAQS
@online{EPA:PM10_NAAQS,
    author = {EPA},
    year = {2020},
    institution = {Environmental Protection Agency},
    url = {https://www.epa.gov/pm-pollution/timeline-particulate-matter-pm-national-ambient-air-quality-standards-naaqs#Superscript1}
}

@misc{EPA:IntegratedReview,
    author = {EPA},
    title = {Integrated Review Plan for the National Ambient Air Quality Standards for Particulate Matter},
    institution = {Environmental Protection Agency},
    year = {2016}
}

%%%%%%%%%%%%%%%%%%%%%%%%%%%%
%%SOCAB DOCUMENTS
%%%%%%%%%%%%%%%%%%%%%%%%%%%%

%CASCAQMD2010
@book{CASCAQMD:2010,
    author = {Rene M Bermudez and Philip M. Fine},
    title = {SOUTH COAST AIR QUALITY MANAGEMENT DISTRICT 5 YEAR NETWORK ASSESSMENT},
    year = {2010},
    institution = {South Coast Air Quality Management District}
}

%CASCAQMD2015
@book{CASCAQMD:2015,
    author = {Rene M Bermudez and Payam Pakbin and Jason C Low},
    title = {SOUTH COAST AIR QUALITY MANAGEMENT DISTRICT 5 YEAR NETWORK ASSESSMENT},
    year = {2015},
    institution = {South Coast Air Quality Management District},
}

%Annual SOCAB Air Quality Monitoring Network Plan
@book{AQMNP:2019,
    author = {Matt Miyasato and Jason Low and Rene M Bermudez},
    title = {ANNUAL AIR QUALITY MONITORING NETWORK PLAN},
    year = {2019},
    institution = {South Coast AQMD} 
}

%Juristictional Map
@online{AQMD:JuristictionMap,
    author = {SCAQMD},  
    title = {Jurisdiction Map},
    url = {http://www.aqmd.gov/docs/default-source/default-document-library/map-of-jurisdiction.pdf},
    date = {2020-04-19}
}

%Juristictional descriptoin
@misc{
}

%%%%%%%%%%%%%%%%%%%%%%%%%%%%
%% Assorted Agency Websites
%%%%%%%%%%%%%%%%%%%%%%%%%%%%

%California Air Resources Board History
%Gives background history on air pollution in Cali.
@online{CARB:History,
    author = {CARB},
    title = {History | California Air Resources Board},
    url = {https://ww2.arb.ca.gov/about/history},
    institution = {California Air Resources Board},
    addendum = {(accessed:)},
    year = {2021}
}

%Clean Air Act Overview
@online{EPA:history,
    author = {EPA},
    title = {Evolution of the Clean Air Act},
    url = {https://www.epa.gov/clean-air-act-overview/evolution-clean-air-act},
    institution = {Environmental Protection Agency},
    addendum = {(accessed:)},
    year = {2020-10-08}
}

%PM10 Basics
@online{EPA:PM_basics,
    author = {EPA},
    title = {Particulate Matter (PM) Basics},
    url = {https://www.epa.gov/pm-pollution/particulate-matter-pm-basics#PM},
    institution = {Environmental Protection Agency},
    addendum = {(accessed:)},
    year = {2021-05-26}
    }
    
%PM10 Health
@online{EPA:PM_impact,
    author = {EPA},
    title = {Health and Environmental Effects of Particulate Matter},
    url = {https://www.epa.gov/pm-pollution/health-and-environmental-effects-particulate-matter-pm},
    institution = {Environmental Protection Agency},
    addendum = {(accessed:)},
    date = {2021-05-26}
}

%%%%%%%%%%%%%%%%%%%%%%%%%%%%
%% Legal Documentation
%%%%%%%%%%%%%%%%%%%%%%%%%%%%

@misc{CFR:Title40-58,
    author = {EPA},
    title = {Title 40: Projection of the Environment},
    url = {https://www.law.cornell.edu/cfr/text/40/part-58},
    year = {2021},
    date = {2021-03-17}
}

%%%%%%%%%%%%%%%%%%%%%%%%%%%
%% Mapping Advice
%%%%%%%%%%%%%%%%%%%%%%%%%%%
@manual{USGS:MapProjections,
            year = {1987},
         address = {Washington},
       publisher = {USGS},
          author = {John P. Snyder},
           title = {Map Projections - A Working Manual}
}