%Haakon Baakar mesh advice

@online{bakka_2017,
    title={Mesh Creation including Coastlines}, url={https://haakonbakka.bitbucket.io/btopic104.html#what-is-needed-for-a-good-mesh},
    addendum = {(accessed:)},
    author={Bakka, Haakon},
    year={2017},
    month={Jan}
}

%INLA MESH TEST  

@online{mesh_test,
    title={INLA Mesh test},
    url={http://rstudio-pubs-static.s3.amazonaws.com/302639_3ccd091c277d4d6c9ad9c2cf524250b6.html},
    addendum = {(accessed:)},
    author={Zhe Sha},
    year={2017},
    month={Aug}
}