
@book{diggle2007,
	Author = {Diggle, P.J. and Ribeiro, P.J.},
	Publisher = {Springer},
	Title = {Model Based Geostatistics},
	Year = {2007}
}