@article{watson2019,
  title={A general theory for preferential sampling in environmental networks},
  author={Watson, Joe and Zidek, James V and Shaddick, Gavin and others},
  journal={Annals of Applied Statistics},
  volume={13},
  number={4},
  pages={2662--2700},
  year={2019},
  publisher={Institute of Mathematical Statistics}
}

@article{isaaks1988,
   author={Isaaks, E.H. and Srivastava, R.M.},
   title={Spatial continuity measures for probabilistic and deterministic geostatistics},
   journal={Mathematical Geology},
   volume={20}, 
   pages={313â€“341},
   year={1988},
   doi={https://doi.org/10.1007/BF00892982}
}