%% This BibTeX bibliography file was created using BibDesk.
%% http://bibdesk.sourceforge.net/


%% Created for JimZ at 2018-07-02 15:36:36 -0700 


%% Saved with string encoding Unicode (UTF-8) 



@unpublished{zidek2017preferentialsampling,
	Author = {James V Zidek and Gavin Shaddick},
	Date-Added = {2018-07-02 22:31:14 +0000},
	Date-Modified = {2018-07-02 22:32:24 +0000},
	Month = {January},
	Title = {Toward an spatio-temporal preferential sampling model},
	Year = {2017}}

@book{rovelli2018reality,
	Author = {Rovelli, Carlo},
	Date-Added = {2018-07-02 20:19:03 +0000},
	Date-Modified = {2018-07-02 20:19:03 +0000},
	Publisher = {Penguin},
	Title = {Reality is not what it seems: The journey to quantum gravity},
	Year = {2018}}

@article{li2018joint,
	Author = {Li, Qiuju and Su, Li},
	Journal = {Journal of the Royal Statistical Society: Series C (Applied Statistics)},
	Number = {1},
	Pages = {145--163},
	Publisher = {Wiley Online Library},
	Title = {Accommodating informative dropout and death: a joint modelling approach for longitudinal and semicompeting risks data},
	Volume = {67},
	Year = {2018}}

@article{lawrence2015joint,
	Author = {Lawrence Gould, A and Boye, Mark Ernest and Crowther, Michael J and Ibrahim, Joseph G and Quartey, George and Micallef, Sandrine and Bois, Frederic Y},
	Journal = {Statistics in medicine},
	Number = {14},
	Pages = {2181--2195},
	Publisher = {Wiley Online Library},
	Title = {Joint modeling of survival and longitudinal non-survival data: current methods and issues. Report of the DIA Bayesian joint modeling working group},
	Volume = {34},
	Year = {2015}}

@article{diggle2010geostatistical,
	Author = {Diggle, P.J. and Menezes, R. and Su, T.},
	Date-Added = {2010-09-09 19:15:02 -0500},
	Date-Modified = {2010-09-09 19:15:02 -0500},
	Journal = {Journal of the Royal Statistical Society: Series C (Applied Statistics)},
	Number = {2},
	Pages = {191--232},
	Publisher = {John Wiley \& Sons},
	Title = {Geostatistical inference under preferential sampling},
	Volume = {59},
	Year = {2010},
	Bdsk-File-1 = {YnBsaXN0MDDUAQIDBAUGJCVYJHZlcnNpb25YJG9iamVjdHNZJGFyY2hpdmVyVCR0b3ASAAGGoKgHCBMUFRYaIVUkbnVsbNMJCgsMDxJXTlMua2V5c1pOUy5vYmplY3RzViRjbGFzc6INDoACgAOiEBGABIAFgAdccmVsYXRpdmVQYXRoWWFsaWFzRGF0YV8QKC4uLy4uLy4uL0JpYkRlc2tfQXJ0aWNsZXMvZGlnZ2xlMjAxMC5wZGbSFwsYGVdOUy5kYXRhTxEBfAAAAAABfAACAAAMTWFjaW50b3NoIEhEAAAAAAAAAAAAAAAAAAAAAAAAAEJEAAH/////DmRpZ2dsZTIwMTAucGRmAAAAAAAAAAAAAAAAAAAAAAAAAAAAAAAAAAAAAAAAAAAAAAAAAAAAAAAAAAAAAAAAAP////8AAAAAAAAAAAAAAAAAAwACAAAKIGN1AAAAAAAAAAAAAAAAABBCaWJEZXNrX0FydGljbGVzAAIAPi86VXNlcnM6amFtZXM6RG9jdW1lbnRzOnBhcGVyczpCaWJEZXNrX0FydGljbGVzOmRpZ2dsZTIwMTAucGRmAA4AHgAOAGQAaQBnAGcAbABlADIAMAAxADAALgBwAGQAZgAPABoADABNAGEAYwBpAG4AdABvAHMAaAAgAEgARAASADxVc2Vycy9qYW1lcy9Eb2N1bWVudHMvcGFwZXJzL0JpYkRlc2tfQXJ0aWNsZXMvZGlnZ2xlMjAxMC5wZGYAEwABLwAAFQACAAz//wAAgAbSGxwdHlokY2xhc3NuYW1lWCRjbGFzc2VzXU5TTXV0YWJsZURhdGGjHR8gVk5TRGF0YVhOU09iamVjdNIbHCIjXE5TRGljdGlvbmFyeaIiIF8QD05TS2V5ZWRBcmNoaXZlctEmJ1Ryb290gAEACAARABoAIwAtADIANwBAAEYATQBVAGAAZwBqAGwAbgBxAHMAdQB3AIQAjgC5AL4AxgJGAkgCTQJYAmECbwJzAnoCgwKIApUCmAKqAq0CsgAAAAAAAAIBAAAAAAAAACgAAAAAAAAAAAAAAAAAAAK0}}

@article{warton2010poisson,
	Author = {Warton, David I and Shepherd, Leah C and others},
	Journal = {The Annals of Applied Statistics},
	Number = {3},
	Pages = {1383--1402},
	Publisher = {Institute of Mathematical Statistics},
	Title = {Poisson point process models solve the ``pseudo-absence problem'' for presence-only data in ecology},
	Volume = {4},
	Year = {2010}}

@article{fithian2013finite,
	Author = {Fithian, William and Hastie, Trevor},
	Journal = {The annals of applied statistics},
	Number = {4},
	Pages = {1917},
	Publisher = {NIH Public Access},
	Title = {Finite-sample equivalence in statistical models for presence-only data},
	Volume = {7},
	Year = {2013}}

@article{simpson2017penalising,
	Author = {Simpson, Daniel and Rue, H{\aa}vard and Riebler, Andrea and Martins, Thiago G and S{\o}rbye, Sigrunn H and others},
	Journal = {Statistical science},
	Number = {1},
	Pages = {1--28},
	Publisher = {Institute of Mathematical Statistics},
	Title = {Penalising model component complexity: A principled, practical approach to constructing priors},
	Volume = {32},
	Year = {2017}}

@article{fuglstad2017constructing,
	Author = {Fuglstad, Geir-Arne and Simpson, Daniel and Lindgren, Finn and Rue, H{\aa}vard},
	Journal = {Journal of the American Statistical Association},
	Number = {just-accepted},
	Publisher = {Taylor \& Francis},
	Title = {Constructing priors that penalize the complexity of Gaussian random fields},
	Year = {2017}}

@article{rue2009approximate,
	Author = {Rue, H{\aa}vard and Martino, Sara and Chopin, Nicolas},
	Journal = {Journal of the royal statistical society: Series b (statistical methodology)},
	Number = {2},
	Pages = {319--392},
	Publisher = {Wiley Online Library},
	Title = {Approximate Bayesian inference for latent Gaussian models by using integrated nested Laplace approximations},
	Volume = {71},
	Year = {2009}}

@article{lindgren2011explicit,
	Author = {Lindgren, Finn and Rue, H{\aa}vard and Lindstr{\"o}m, Johan},
	Journal = {Journal of the Royal Statistical Society: Series B (Statistical Methodology)},
	Number = {4},
	Pages = {423--498},
	Publisher = {Wiley Online Library},
	Title = {An explicit link between Gaussian fields and Gaussian Markov random fields: the stochastic partial differential equation approach},
	Volume = {73},
	Year = {2011}}

@article{rue2017bayesian,
	Author = {Rue, H{\aa}vard and Riebler, Andrea and S{\o}rbye, Sigrunn H and Illian, Janine B and Simpson, Daniel P and Lindgren, Finn K},
	Journal = {Annual Review of Statistics and Its Application},
	Pages = {395--421},
	Publisher = {Annual Reviews},
	Title = {Bayesian computing with INLA: a review},
	Volume = {4},
	Year = {2017}}

@article{pati2011bayesian,
	Author = {Pati, Debdeep and Reich, Brian J and Dunson, David B},
	Journal = {Biometrika},
	Number = {1},
	Pages = {35--48},
	Publisher = {Oxford University Press},
	Title = {Bayesian geostatistical modelling with informative sampling locations},
	Volume = {98},
	Year = {2011}}
