Paper 1

@article{Watson1,
	Author = {Watson, Joe and Zidek, James V and Shaddick, Gavin},
	Date-Added = {},
	Date-Modified = {},
	Journal = {In preparation},
	Pages = {In preparation},
	Publisher = {In preparation},
	Title = {Towards a general theory for preferential sampling: detecting preferential dropout within a fixed monitoring network},
	Year = {2018}}
    
 Paper 2
 
 @article{Watson2,
	Author = {Watson, Joe and Zidek, James V},
	Date-Added = {},
	Date-Modified = {},
	Journal = {In preparation},
	Pages = {In preparation},
	Publisher = {In preparation},
	Title = {Towards a general theory for preferential sampling: detecting if a static monitoring network has been placed preferentially via a pseudo-absence logistic regression approach.},
	Year = {2018}}
 
 Paper 3

 @article{Watson3,
	Author = {Watson, Joe},
	Date-Added = {},
	Date-Modified = {},
	Journal = {In preparation},
	Pages = {In preparation},
	Publisher = {In preparation},
	Title = {Towards a general theory for preferential sampling: detecting if a mobile monitoring network has been placed preferentially via a log-Gaussian Cox Process approach.},
	Year = {2018}}
    
    
Haakon Baakar mesh advice

@misc{bakka_2017, title={Mesh Creation including Coastlines}, url={https://haakonbakka.bitbucket.io/btopic104.html#what-is-needed-for-a-good-mesh}, journal={Mesh Creation including Coastlines}, publisher={Haakon Bakka}, author={Bakka, Haakon}, year={2017}, month={Jan}}

INLA MESH TEST  

@misc{mesh_test, title={Mesh Creation including Coastlines}, url={http://rstudio-pubs-static.s3.amazonaws.com/302639_3ccd091c277d4d6c9ad9c2cf524250b6.html}, journal={INLA Mesh Test}, publisher={Zhe Sha}, author={Zhe, Sha}, year={2017}, month={Aug}}

Simpson PC priors

@article{fuglstad2017constructing,
  title={Constructing priors that penalize the complexity of Gaussian random fields},
  author={Fuglstad, Geir-Arne and Simpson, Daniel and Lindgren, Finn and Rue, H{\aa}vard},
  journal={Journal of the American Statistical Association},
  number={just-accepted},
  year={2017},
  publisher={Taylor \& Francis}
}

@article{simpson2017penalising,
  title={Penalising model component complexity: A principled, practical approach to constructing priors},
  author={Simpson, Daniel and Rue, H{\aa}vard and Riebler, Andrea and Martins, Thiago G and S{\o}rbye, Sigrunn H and others},
  journal={Statistical science},
  volume={32},
  number={1},
  pages={1--28},
  year={2017},
  publisher={Institute of Mathematical Statistics}
}

Dynamic models paper for copying linear predictors

@article{ruiz2012direct,
  title={Direct fitting of dynamic models using integrated nested Laplace approximationsâ€”INLA},
  author={Ruiz-C{\'a}rdenas, Ramiro and Krainski, Elias T and Rue, H{\aa}vard},
  journal={Computational Statistics \& Data Analysis},
  volume={56},
  number={6},
  pages={1808--1828},
  year={2012},
  publisher={Elsevier}
}