@article{Watson2019_pref_samp,
	author = {Joe Watson and James V. Zidek and Gavin Shaddick},
	title = {{A general theory for preferential sampling in environmental networks}},
	volume = {13},
	journal = {The Annals of Applied Statistics},
	number = {4},
	publisher = {Institute of Mathematical Statistics},
	pages = {2662 -- 2700},
	keywords = {Air pollution, big data, health effects, INLA, mobile monitors, preferential sampling, Random fields},
	year = {2019},
	doi = {10.1214/19-AOAS1288},
	URL = {https://doi.org/10.1214/19-AOAS1288}
}